@article{Koibuchi2012,
author = {Koibuchi, Michihiro and Matsutani, Hiroki and Amano, Hideharu and Hsu, D. Frank and Casanova, Henri},
doi = {10.1109/ISCA.2012.6237016},
isbn = {9781467304757},
issn = {10636897},
journal = {Proceedings - International Symposium on Computer Architecture},
keywords = {Topology,diameter,high performance computing,high-radix switches,interconnection networks},
number = {c},
pages = {177--188},
title = {{A case for random shortcut topologies for HPC interconnects}},
volume = {00},
year = {2012}
}
@article{Singla2011,
archivePrefix = {arXiv},
arxivId = {1110.1687},
author = {Singla, Ankit and Hong, Chi-Yao and Popa, Lucian and Godfrey, P. Brighten},
eprint = {1110.1687},
isbn = {978-931971-92-8},
title = {{Jellyfish: Networking Data Centers Randomly}},
url = {http://arxiv.org/abs/1110.1687},
year = {2011}
}
@article{Miller2005,
author = {Miller, Mirka and Sir, Jozef},
journal = {SciencesNew York},
number = {2},
title = {{Moore graphs and beyond : A survey of the degree / diameter problem}},
volume = {20},
year = {2005}
}
@article{cerf1973computer,
author = {Cerf, V G and Cowan, D D and Mullin, R C and Stanton, R G},
journal = {Congr. Num},
pages = {379--398},
title = {{Computer networks and generalized Moore graphs}},
volume = {9},
year = {1973}
}
@article{cerf1974trivalent,
author = {Cerf, V G and Cowan, D D and Mullin, R C and Stanton, R G},
journal = {Utilitas Math},
pages = {259--283},
title = {{Trivalent generalized Moore networks on sixteen nodes}},
volume = {6},
year = {1974}
}
@article{Cerf1974,
author = {Cerf, V. G. and Cowan, D. D. and Mullin, R. C. and Stanton, R. G.},
doi = {10.1002/net.3230040405},
issn = {00283045},
journal = {Networks},
number = {4},
pages = {335--342},
publisher = {Wiley Subscription Services, Inc., A Wiley Company},
title = {{A lower bound on the average shortest path length in regular graphs}},
url = {http://doi.wiley.com/10.1002/net.3230040405},
volume = {4},
year = {1974}
}
@article{Stanton1980,
author = {Stanton, R G and Seah, S T E and Cowan, D D},
journal = {J. Aust. Math. Soc., Ser. A},
number = {September 1980},
pages = {55--64},
title = {{Nonexistence of an extremal graph of a certain type.}},
volume = {30},
year = {1980}
}
@incollection{mckay1979current,
author = {McKay, B D and Stanton, R G},
booktitle = {Combinatorial Mathematics VI},
pages = {21--31},
publisher = {Springer},
title = {{The current status of the generalised Moore graph problem}},
year = {1979}
}
@article{Sampels2004,
author = {Sampels, Michael},
doi = {10.1016/S0166-218X(03)00294-4},
issn = {0166218X},
journal = {Discrete Applied Mathematics},
keywords = {Cayley graphs,Degree/diameter problem,Mean distance,Moore bound,Transmission},
number = {1-2},
pages = {195--202},
title = {{Vertex-symmetric generalized Moore graphs}},
volume = {138},
year = {2004}
}
@misc{Fujita2015,
title={短い平均頂点間距離をもつ正則グラフの設計法に関する研究},
author={啓輔, 藤田 and 規一, 高橋},
school={岡山大学},
year={2015}
}
@misc{Yamamoto2016,
title={列挙アルゴリズムと理論解析による平均頂点間距離最小正則グラフの発見},
author={康隆, 山本 and 規一, 高橋},
school={岡山大学},
year={2016}
}
@misc{Akamatsu2017,
title={正則グラフの平均頂点間距離の最小値に関する論理的考察},
author={城太, 赤松 and 規一, 高橋},
school={岡山大学},
year={2017}
}
