@misc{Diestel2000,
author = {Diestel, Reinhard and 生也, 根上 and 克弘, 太田},
publisher = {Springer},
title = {グラフ理論},
year = {2000}
}
@article{cerf1973computer,
author = {Cerf, V G and Cowan, D D and Mullin, R C and Stanton, R G},
journal = {Congr. Num},
pages = {379--398},
title = {{Computer networks and generalized Moore graphs}},
volume = {9},
year = {1973}
}
@article{Stanton1980,
author = {Stanton, R G and Seah, S T E and Cowan, D D},
issn = {0263-6115},
journal = {J. Aust. Math. Soc., Ser. A},
number = {September 1980},
pages = {55--64},
title = {{Nonexistence of an extremal graph of a certain type.}},
volume = {30},
year = {1980}
}
@incollection{mckay1979current,
author = {McKay, B D and Stanton, R G},
booktitle = {Combinatorial Mathematics VI},
pages = {21--31},
publisher = {Springer},
title = {{The current status of the generalised Moore graph problem}},
year = {1979}
}
@article{Babai2015,
archivePrefix = {arXiv},
arxivId = {1512.03547},
author = {Babai, L{\'{a}}szl{\'{o}}},
eprint = {1512.03547},
isbn = {9781450341325},
issn = {0012365X},
pages = {1--89},
title = {{Graph Isomorphism in Quasipolynomial Time}},
volume = {7443327},
year = {2015}
}
@article{Miller2005,
author = {Miller, Mirka and Sir, Jozef},
journal = {SciencesNew York},
number = {2},
title = {{Moore graphs and beyond : A survey of the degree / diameter problem}},
volume = {20},
year = {2005}
}
@article{Minato1993,
author = {Minato, Shin-Ichi},
isbn = {0897915771},
title = {{Zero-Suppressed BDDs for Set Manipulation in Combinatorial Problems}},
year = {1993}
}
@article{Kawahara2014,
author = {Kawahara, Jun and Inoue, Takeru and Iwashita, Hiroaki and Minato, Shin-Ichi},
title = {{Frontier-based Search for Enumerating All Constrained Subgraphs with Compressed Representation}},
year = {2014}
}
@article{Cerf1974,
author = {Cerf, V. G. and Cowan, D. D. and Mullin, R. C. and Stanton, R. G.},
issn = {00283045},
journal = {Networks},
number = {4},
pages = {335--342},
publisher = {Wiley Subscription Services, Inc., A Wiley Company},
title = {{A lower bound on the average shortest path length in regular graphs}},
volume = {4},
year = {1974}
}

