
@article{Fujita2015,
author = {藤田 啓輔 and 高橋 規一},
journal = {岡山大学工学部情報系学科特別研究報告書},
school = {岡山大学},
title = {短い平均頂点間距離をもつ正則グラフの設計法に関する研究},
year = {2015}
}
@article{Yamamoto2016,
author = {山本 康隆 and 高橋 規一},
journal = {岡山大学工学部情報系学科特別研究報告書},
school = {岡山大学},
title = {列挙アルゴリズムと理論解析による平均頂点間距離最小正則グラフの発見},
year = {2016}
}
@article{Akamatsu2017,
author = {赤松 城太 and 高橋 規一},
journal = {岡山大学工学部情報系学科特別研究報告書},
school = {岡山大学},
title = {正則グラフの平均頂点間距離の最小値に関する理論的考察},
year = {2017}
}
@article{Barabasi1999,
archivePrefix = {arXiv},
arxivId = {cond-mat/9910332},
author = {Barabasi, Albert-Laszlo and Albert, Reka},
doi = {10.1126/science.286.5439.509},
eprint = {9910332},
isbn = {1095-9203 (Electronic)$\backslash$n0036-8075 (Linking)},
issn = {00368075},
pages = {1--11},
pmid = {10521342},
primaryClass = {cond-mat},
title = {{Emergence of scaling in random networks}},
url = {http://arxiv.org/abs/cond-mat/9910332{\%}0Ahttp://dx.doi.org/10.1126/science.286.5439.509},
year = {1999}
}
@article{Erdos1959,
archivePrefix = {arXiv},
arxivId = {1205.2923},
author = {Erd{\"{o}}s, P and R{\'{e}}nyi, a},
doi = {10.2307/1999405},
eprint = {1205.2923},
isbn = {ISSN{\~{}}{\~{}}0020-1383},
issn = {00029947},
journal = {Publicationes Mathematicae},
pages = {290--297},
pmid = {1205592},
title = {{On random graphs}},
volume = {6},
year = {1959}
}
@book{Makoto1988,
author = {長尾 真},
number = {14},
publisher = {岩波書店},
series = {岩波講座ソフトウェア科学 / 長尾真 [ほか] 編},
title = {知識と推論},
url = {http://ci.nii.ac.jp/ncid/BN02412219.bib},
year = {1988}
}
@article{Brandes2001,
archivePrefix = {arXiv},
arxivId = {arXiv:1506.05783v1},
author = {Brandes, Ulrik},
doi = {10.1080/0022250X.2001.9990249},
eprint = {arXiv:1506.05783v1},
isbn = {0022-250X},
issn = {0022-250X},
journal = {The Journal of Mathematical Sociology},
keywords = {algorithms,betweenness centrality,social networks},
number = {2},
pages = {163--177},
pmid = {967},
title = {{A faster algorithm for betweenness centrality}},
url = {http://www.tandfonline.com/doi/abs/10.1080/0022250X.2001.9990249},
volume = {25},
year = {2001}
}
@article{Cerf1974Lower,
author = {Cerf, V. G. and Cowan, D. D. and Mullin, R. C. and Stanton, R. G.},
doi = {10.1002/net.3230040405},
issn = {00283045},
journal = {Networks},
number = {4},
pages = {335--342},
publisher = {Wiley Subscription Services, Inc., A Wiley Company},
title = {{A lower bound on the average shortest path length in regular graphs}},
url = {http://doi.wiley.com/10.1002/net.3230040405},
volume = {4},
year = {1974}
}
@book{Diestel2000,
author = {Diestel, Reinhard and 根上 生也 and 太田 克弘},
publisher = {Springer},
title = {グラフ理論},
year = {2000}
}
@article{Friedman1971,
author = {Friedman, Henry D.},
doi = {10.1016/0095-8956(71)90049-9},
issn = {10960902},
journal = {Journal of Combinatorial Theory, Series B},
title = {{On the impossibility of certain Moore graphs}},
year = {1971}
}
@article{Nisar2013,
author = {Nisar, Muhammad Usman},
journal = {Congress On Big Data},
keywords = {-graph analytics,allel and distributed algorithms,analysis because it yields,big data,graph simulation,isomorphism for modern,more appropriate than subgraph,par-,problems like social network},
title = {{Techiniques for Graph Analytics on Big Data}},
year = {2013}
}
@article{Nanba2016,
author = {難波 俊行 and 河野 達生 and 高橋 規一},
journal = {電子情報通信学会技術研究報告= IEICE technical report: 信学技報},
number = {215},
pages = {63--68},
publisher = {電子情報通信学会},
title = {指定頂点の媒介中心性を最小にする辺挿入位置の高速探索法 (非線形問題)},
volume = {116},
year = {2016}
}
@article{Iwashita2013,
author = {Iwashita, Hiroaki and Minato, Shin-Ichi},
title = {{Efficient Top-Down ZDD Construction Techniques Using Recursive Specifications}},
year = {2013}
}
@article{Sato2008,
author = {佐藤 圭介 and 中野 眞一},
issn = {09135707},
journal = {電子情報通信学会論文誌 A},
keywords = {アルゴリズム,グラフ,列挙,家系木,次数列},
number = {7},
pages = {716--725},
publisher = {一般社団法人電子情報通信学会},
title = {指定された次数列をもつグラフの列挙},
url = {http://ci.nii.ac.jp/naid/110007384645/ja/},
volume = {91},
year = {2008}
}
@article{Kambatla2014,
archivePrefix = {arXiv},
arxivId = {1204.6078},
author = {Kambatla, Karthik and Kollias, Giorgos and Kumar, Vipin and Grama, Ananth},
doi = {10.1016/j.jpdc.2014.01.003},
eprint = {1204.6078},
isbn = {0743-7315},
issn = {07437315},
journal = {Journal of Parallel and Distributed Computing},
keywords = {Analytics,Big-data,Data centers,Distributed systems},
number = {7},
pages = {2561--2573},
pmid = {21984515},
publisher = {Elsevier Inc.},
title = {{Trends in big data analytics}},
url = {http://dx.doi.org/10.1016/j.jpdc.2014.01.003},
volume = {74},
year = {2014}
}
@article{Minato1993,
author = {Minato, Shin-Ichi},
isbn = {0897915771},
title = {{Zero-Suppressed BDDs for Set Manipulation in Combinatorial Problems}},
year = {1993}
}
@article{Chen2012,
archivePrefix = {arXiv},
arxivId = {1003.4916},
author = {Chen, Hsinchun and Storey, Veda C},
doi = {10.1145/2463676.2463712},
eprint = {1003.4916},
isbn = {02767783},
issn = {0276-7783},
journal = {Mis Quarterly},
keywords = {0,big data analytics,business intelligence and analytics,web 2},
number = {4},
pages = {1165--1188},
pmid = {83466038},
title = {{Business Intelligence And Analytics: From Big Data to Big Impact}},
url = {http://web.a.ebscohost.com/ehost/pdfviewer/pdfviewer?sid=c72752a6-fd0c-4184-ad0b-39ae0c9c16d8@sessionmgr4003{\&}vid=1{\&}hid=4209},
volume = {36},
year = {2012}
}
@article{Cerf1973,
author = {Cerf, V. G. and Cowan, D. D. and Mullin, R. C. and Stanton, R. G.},
journal = {Congressus Numerantium},
pages = {379--398},
title = {{Computer networks and generalized Moore graphs}},
volume = {9},
year = {1973}
}
@article{Cerf1974Trivalent,
author = {Cerf, V. G. and Cowan, D. D. and Mullin, R. C. and Stanton, R. G.},
journal = {Utilitas Math},
pages = {259--283},
title = {{Trivalent generalized Moore networks on sixteen nodes}},
volume = {6},
year = {1974}
}
@inproceedings{Junttila2007,
author = {Junttila, Tommi and Kaski, Petteri},
booktitle = {Proceedings of the Ninth Workshop on Algorithm Engineering and Experiments (ALENEX)},
pages = {135----149},
title = {{Engineering an Efficient Canonical Labeling Tool for Large and Sparse Graphs}},
year = {2007}
}
@article{Gandomi2015,
author = {Gandomi, Amir and Haider, Murtaza},
doi = {10.1016/j.ijinfomgt.2014.10.007},
isbn = {02684012},
issn = {02684012},
journal = {International Journal of Information Management},
keywords = {Big data analytics,Big data definition,Predictive analytics,Unstructured data analytics},
number = {2},
pages = {137--144},
pmid = {1655112214},
publisher = {Elsevier Ltd},
title = {{Beyond the hype: Big data concepts, methods, and analytics}},
url = {http://dx.doi.org/10.1016/j.ijinfomgt.2014.10.007},
volume = {35},
year = {2015}
}
@article{Fujiwara2015,
author = {藤原 一毅 and 藤田 聡 and 中野 浩嗣 and 井上 武 and 鯉渕 道紘},
journal = {研究報告システム・アーキテクチャ (ARC)},
number = {34},
pages = {1----6},
title = {{みんなで Order/Degree 問題を解いて究極の低遅延相互結合網をつくろう}},
volume = {2015-ARC-2},
year = {2015}
}
@article{Minato2001,
author = {ichi Minato, Shin},
doi = {10.1007/s100090100038},
issn = {14332779},
journal = {International Journal on Software Tools for Technology Transfer},
keywords = {BDD,Boolean function,Combinatorial problem,VLSI CAD,ZBDD},
number = {2},
pages = {156--170},
title = {{Zero-suppressed BDDs and their applications}},
volume = {3},
year = {2001}
}
@article{Plesnik1974,
author = {Plesn{\'{i}}k, J{\'{a}}n},
doi = {10.1016/0012-365X(74)90156-3},
issn = {0012365X},
journal = {Discrete Mathematics},
number = {4},
pages = {363--376},
title = {{One method for proving the impossibility of certain Moore graphs}},
volume = {8},
year = {1974}
}
@article{Greenberg2009,
author = {Greenberg, A. and Hamilton, J. R. and Jain, N. and Kandula, S. and Kim, C. and Lahiri, P. and Maltz, D. a and Patel, P. and Sengupta, S.},
doi = {http://doi.acm.org/10.1145/1592568.1592576},
isbn = {9781605585949},
issn = {00010782},
journal = {ACM SIGCOMM Conference on Data Communication},
keywords = {Categories and Subject Descriptors,C [Computer-Communi-cation Network],Data center network,Design,Network Architecture and Design General Terms,Performance,Reliability Keywords,commoditization},
pages = {51--62},
pmid = {59423985},
title = {{VL2: A Scalable and Flexible Data Center Network}},
year = {2009}
}
@article{Hu2014,
author = {Hu, Han and Wen, Yonggang and Chua, Tat Seng and Li, Xuelong},
doi = {10.1109/ACCESS.2014.2332453},
isbn = {2169-3536},
issn = {21693536},
journal = {IEEE Access},
keywords = {Big data analytics,Cloud computing,Data acquisition,Data analytics,Data storage,Hadoop},
pages = {652--687},
title = {{Toward scalable systems for big data analytics: A technology tutorial}},
volume = {2},
year = {2014}
}
@article{Stanton1980,
author = {Stanton, R G and Seah, S T E and Cowan, D D},
doi = {10.1017/S1446788700021911},
issn = {0263-6115},
journal = {J. Aust. Math. Soc., Ser. A},
number = {September 1980},
pages = {55--64},
title = {{Nonexistence of an extremal graph of a certain type.}},
volume = {30},
year = {1980}
}
@article{Watts1998,
archivePrefix = {arXiv},
arxivId = {0803.0939v1},
author = {Watts, D J and Strogatz, S H},
doi = {Doi 10.1038/30918},
eprint = {0803.0939v1},
isbn = {0028-0836},
issn = {0028-0836},
journal = {Nature},
keywords = {chaos,disease,pulse-coupled oscillators,spread,synchronization},
number = {6684},
pages = {440--442},
pmid = {9623998},
title = {{Collective dynamics of'small-world' networks}},
volume = {393},
year = {1998}
}
@article{Koibuchi2012,
author = {Koibuchi, M. and Matsutani, H. and Amano, H. and Hsu, D. F. and Casanova, H.},
doi = {10.1109/ISCA.2012.6237016},
isbn = {9781467304757},
issn = {10636897},
journal = {Proceedings - International Symposium on Computer Architecture},
keywords = {Topology,diameter,high performance computing,high-radix switches,interconnection networks},
number = {3},
pages = {177--188},
title = {{A case for random shortcut topologies for HPC interconnects}},
volume = {40},
year = {2012}
}
@article{Sampels2004,
author = {Sampels, M.},
doi = {10.1016/S0166-218X(03)00294-4},
issn = {0166218X},
journal = {Discrete Applied Mathematics},
keywords = {Cayley graphs,Degree/diameter problem,Mean distance,Moore bound,Transmission},
number = {1-2},
pages = {195--202},
title = {{Vertex-symmetric generalized Moore graphs}},
volume = {138},
year = {2004}
}
@article{Kawahara2014,
author = {Kawahara, Jun and Inoue, Takeru and Iwashita, Hiroaki and Minato, Shin-Ichi},
title = {{Frontier-based Search for Enumerating All Constrained Subgraphs with Compressed Representation}},
year = {2014}
}
@article{Miller2005,
author = {Miller, Mirka and Sir, Jozef},
journal = {SciencesNew York},
number = {2},
title = {{Moore graphs and beyond : A survey of the degree / diameter problem}},
url = {http://www.combinatorics.org/Surveys/ds14.pdf},
volume = {20},
year = {2005}
}
@article{Kang2009,
author = {Kang, U. and Tsourakakis, Charalampos E. and Faloutsos, Christos},
doi = {10.1109/ICDM.2009.14},
isbn = {9780769538952},
issn = {15504786},
journal = {Proceedings - IEEE International Conference on Data Mining, ICDM},
keywords = {Graph mining,HADOOP,PEGASUS},
pages = {229--238},
title = {{PEGASUS: A peta-scale graph mining system - Implementation and observations}},
year = {2009}
}
@article{Hoffman1960,
author = {Hoffman, A. J. and Singleton, R. R.},
doi = {10.1147/rd.45.0497},
issn = {0018-8646},
journal = {IBM Journal of Research and Development},
number = {5},
pages = {497--504},
title = {{On Moore Graphs with Diameters 2 and 3}},
volume = {4},
year = {1960}
}
@inproceedings {Singla2011,
author = {Singla, A and Hong, C. Y. and Popa, L. and Godfrey, P. B.},
title = {Jellyfish: Networking Data Centers Randomly},
booktitle = {9th {USENIX} Symposium on Networked Systems Design and Implementation},
year = {2012},
isbn = {978-931971-92-8},
address = {San Jose, CA},
pages = {225--238},
url = {https://www.usenix.org/conference/nsdi12/technical-sessions/presentation/singla},
publisher = {{USENIX}},
}
@article{Feria-Puron2010,
archivePrefix = {arXiv},
arxivId = {1010.5658},
author = {Feria-Pur{\'{o}}n, Ramiro and Miller, Mirka and Pineda-Villavicencio, Guillermo},
doi = {10.1016/j.dam.2011.04.018},
eprint = {1010.5658},
month = {oct},
title = {{On graphs of defect at most 2}},
url = {http://arxiv.org/abs/1010.5658 http://dx.doi.org/10.1016/j.dam.2011.04.018},
year = {2010}
}
@article{Dean2008,
archivePrefix = {arXiv},
arxivId = {10.1.1.163.5292},
author = {Dean, Jeffrey and Ghemawat, Sanjay},
doi = {10.1145/1327452.1327492},
eprint = {10.1.1.163.5292},
isbn = {9781595936868},
issn = {00010782},
journal = {Communications of the ACM},
number = {1},
pages = {107},
pmid = {11687618},
title = {{MapReduce: Simplified Data Processing on Large Clusters}},
url = {http://dl.acm.org/citation.cfm?id=1327452.1327492{\%}5Cnhttp://portal.acm.org/citation.cfm?doid=1327452.1327492},
volume = {51},
year = {2008}
}
@book{Aggarwal2011,
author = {Aggarwal, CC},
doi = {10.1007/978-14419-8462-3_1},
isbn = {9781441984623},
publisher = {Springer},
title = {{An introduction to social network data analytics}},
url = {http://link.springer.com/chapter/10.1007/978-1-4419-8462-3{\_}1},
year = {2011}
}
@phdthesis{D.M.Hvan2015,
author = {D.M.H van, Gent and O., Biesel and H.J., Hoogeboon},
number = {Mi},
school = {LIACS, Universiteit Leiden},
title = {{Graph Isomorphism in Quasipolynomial Time}},
url = {https://www.math.leidenuniv.nl/scripties/BachvanGent.pdf},
year = {2015}
}
@incollection{McKay1979,
author = {McKay, B D and Stanton, R G},
booktitle = {Combinatorial Mathematics VI},
pages = {21--31},
publisher = {Springer},
title = {{The current status of the generalised Moore graph problem}},
year = {1979}
}
@article{Al-Fares2008,
author = {Al-Fares, M. and Loukissas, A. and Vahdat, A.},
doi = {10.1145/1402946.1402967},
isbn = {9781605581750},
issn = {01464833},
journal = {ACM SIGCOMM Computer Communication Review},
keywords = {data center topology,equal-cost routing},
number = {4},
pages = {63},
pmid = {17957257},
title = {{A scalable, commodity data center network architecture}},
url = {http://portal.acm.org/citation.cfm?doid=1402946.1402967},
volume = {38},
year = {2008}
}
@article{Lakshmivarahan1993,
author = {Lakshmivarahan, S. and Jwo, Jung Sing and Dhall, S. K.},
doi = {10.1016/0167-8191(93)90054-O},
issn = {01678191},
journal = {Parallel Computing},
keywords = {Cayley graphs,Interconnection networks,permutation groups,survey,symmetry in networks},
title = {{Symmetry in interconnection networks based on Cayley graphs of permutation groups: A survey}},
year = {1993}
}
@article{Malewicz2010,
archivePrefix = {arXiv},
arxivId = {arXiv:1503.00626v1},
author = {Malewicz, Grzegorz and Austern, Matthew H. and Bik, Aart J.C and Dehnert, James C. and Horn, Ilan and Leiser, Naty and Czajkowski, Grzegorz},
doi = {10.1145/1807167.1807184},
eprint = {arXiv:1503.00626v1},
isbn = {9781450300322},
issn = {1450300324},
journal = {Proceedings of the 2010 international conference on Management of data - SIGMOD '10},
keywords = {distributed computing,graph algorigthms},
pages = {135--146},
title = {{Pregel: a system for large-scale graph processing}},
url = {http://dl.acm.org/citation.cfm?id=1807167.1807184},
year = {2010}
}
@article{Babai2015,
archivePrefix = {arXiv},
arxivId = {1512.03547},
author = {Babai, L{\'{a}}szl{\'{o}}},
doi = {10.1145/2897518.2897542},
eprint = {1512.03547},
isbn = {9781450341325},
issn = {0012365X},
pages = {1--89},
title = {{Graph Isomorphism in Quasipolynomial Time}},
url = {http://arxiv.org/abs/1512.03547},
volume = {7443327},
year = {2015}
}
@article{Murphy2010,
author = {Murphy, Rc and Wheeler, Kb and Barrett, Bw and Ang, Ja},
journal = {Cray User's Group (CUG)},
title = {{Introducing the Graph 500}},
year = {2010}
}
@article{Minato2013,
author = {Minato, Shin Ichi},
doi = {10.1587/transinf.E96.D.1419},
issn = {17451361},
journal = {IEICE Transactions on Information and Systems},
keywords = {Algorithm,BDD,Data structure,Decision diagram,Discrete structure,ZDD},
number = {7},
pages = {1419--1429},
title = {{Techniques of BDD/ZDD: Brief history and recent activity}},
volume = {E96-D},
year = {2013}
}
@article{Ching2015,
author = {Ching, Avery and Edunov, Sergey and Kabiljo, Maja and Logothetis, Dionysios and Muthukrishnan, Sambavi},
doi = {10.14778/2824032.2824077},
isbn = {2150-8097},
issn = {21508097},
journal = {Proceedings of the VLDB Endowment},
number = {12},
pages = {1804--1815},
title = {{One Trillion Edges : Graph Processing at Facebook-Scale}},
volume = {8},
year = {2015}
}
