@article{Koibuchi2012,
author = {Koibuchi, Michihiro and Matsutani, Hiroki and Amano, Hideharu and Hsu, D. Frank and Casanova, Henri},
doi = {10.1109/ISCA.2012.6237016},
isbn = {9781467304757},
issn = {10636897},
journal = {Proceedings - International Symposium on Computer Architecture},
keywords = {Topology,diameter,high performance computing,high-radix switches,interconnection networks},
number = {c},
pages = {177--188},
title = {{A case for random shortcut topologies for HPC interconnects}},
volume = {00},
year = {2012}
}
@article{Singla2011,
archivePrefix = {arXiv},
arxivId = {1110.1687},
author = {Singla, Ankit and Hong, Chi-Yao and Popa, Lucian and Godfrey, P. Brighten},
eprint = {1110.1687},
isbn = {978-931971-92-8},
title = {{Jellyfish: Networking Data Centers Randomly}},
url = {http://arxiv.org/abs/1110.1687},
year = {2011}
}
@phdthesis{2016,
author = {山本 and 高橋},
school = {岡山大学},
title = {列挙アルゴリズムと理論解析による平均頂点間距離最小正則グラフの発見},
year = {2016}
}
@phdthesis{2015,
author = {藤田 and 高橋},
school = {岡山大学},
title = {短い平均頂点間距離をもつ正則グラフの設計法に関する研究},
year = {2015}
}
@article{cerf1973computer,
annote = {一般ムーアグラフの提案(?)},
author = {Cerf, V G and Cowan, D D and Mullin, R C and Stanton, R G},
journal = {Congr. Num},
pages = {379--398},
title = {{Computer networks and generalized Moore graphs}},
volume = {9},
year = {1973}
}
@article{Cerf1974,
author = {Cerf, V. G. and Cowan, D. D. and Mullin, R. C. and Stanton, R. G.},
doi = {10.1002/net.3230040405},
issn = {00283045},
journal = {Networks},
number = {4},
pages = {335--342},
publisher = {Wiley Subscription Services, Inc., A Wiley Company},
title = {{A lower bound on the average shortest path length in regular graphs}},
url = {http://doi.wiley.com/10.1002/net.3230040405},
volume = {4},
year = {1974}
}
@article{Sampels2004,
annote = {幅優先探索法による一般ムーアグラフの探索},
author = {Sampels, Michael},
doi = {10.1016/S0166-218X(03)00294-4},
issn = {0166218X},
journal = {Discrete Applied Mathematics},
keywords = {Cayley graphs,Degree/diameter problem,Mean distance,Moore bound,Transmission},
number = {1-2},
pages = {195--202},
title = {{Vertex-symmetric generalized Moore graphs}},
volume = {138},
year = {2004}
}
