@article{Friedman1971,
author = {Friedman, Henry D.},
doi = {10.1016/0095-8956(71)90049-9},
issn = {10960902},
journal = {Journal of Combinatorial Theory, Series B},
title = {{On the impossibility of certain Moore graphs}},
year = {1971}
}
@article{Lopez2016,
author = {L{\'{o}}pez, Nacho and Miret, Josep M. and Fern{\'{a}}ndez, C{\`{e}}sar},
doi = {10.1016/j.disc.2015.10.001},
journal = {Discrete Mathematics},
keywords = {Directed strongly regular graph,Mixed Moore graph,Moore bound,Satisfiability problem},
title = {{Non existence of some mixed Moore graphs of diameter 2 using SAT}},
year = {2016}
}
@article{Iwashita2013,
author = {Iwashita, Hiroaki and Minato, Shin-Ichi},
title = {{Efficient Top-Down ZDD Construction Techniques Using Recursive Specifications}},
year = {2013}
}
@article{Kawahara,
author = {Kawahara, Jun and Inoue, Takeru and Iwashita, Hiroaki and Minato, Shin-Ichi},
title = {{Frontier-based Search for Enumerating All Constrained Subgraphs with Compressed Representation}}
}
@article{Coudert1997,
author = {Coudert, O.},
doi = {10.1109/EDTC.1997.582363},
isbn = {0-8186-7786-4},
issn = {1066-1409},
journal = {Proceedings European Design and Test Conference. ED {\&} TC 97},
keywords = {Binary decision diagrams,Encoding,Logic,Microwave integrated circuits,Minimization,Polynomials,Routing,ZBDD,decision theory,diagrams,directed graphs,graph optimization,multilayer planar routing,network routing,optimisation,zero-suppressed binary decision diagram},
number = {June},
pages = {224--228},
title = {{Solving graph optimization problems with ZBDDs}},
url = {http://ieeexplore.ieee.org/lpdocs/epic03/wrapper.htm?arnumber=582363},
year = {1997}
}
@article{Minato2001,
author = {ichi Minato, Shin},
doi = {10.1007/s100090100038},
issn = {14332779},
journal = {International Journal on Software Tools for Technology Transfer},
keywords = {BDD,Boolean function,Combinatorial problem,VLSI CAD,ZBDD},
number = {2},
pages = {156--170},
title = {{Zero-suppressed BDDs and their applications}},
volume = {3},
year = {2001}
}
@article{Minato2013,
author = {Minato, Shin Ichi},
doi = {10.1587/transinf.E96.D.1419},
issn = {17451361},
journal = {IEICE Transactions on Information and Systems},
keywords = {Algorithm,BDD,Data structure,Decision diagram,Discrete structure,ZDD},
number = {7},
pages = {1419--1429},
title = {{Techniques of BDD/ZDD: Brief history and recent activity}},
volume = {E96-D},
year = {2013}
}
@article{Miller2005,
author = {Miller, Mirka and Sir, Jozef},
journal = {SciencesNew York},
number = {2},
title = {{Moore graphs and beyond : A survey of the degree / diameter problem}},
url = {http://www.combinatorics.org/Surveys/ds14.pdf},
volume = {20},
year = {2005}
}
@article{Lopez2015,
author = {L{\'{o}}pez, Nacho and P{\'{e}}rez-Ros{\'{e}}s, Hebert},
doi = {10.1016/j.procs.2015.12.066},
issn = {18770509},
journal = {Procedia Computer Science},
keywords = {Degree/diameter problem,Moore bound,mixed Moore graph},
pages = {2--9},
title = {{Degree/diameter Problem for Mixed Graphs}},
volume = {74},
year = {2015}
}
@article{Watts1998,
archivePrefix = {arXiv},
arxivId = {0803.0939v1},
author = {Watts, D J and Strogatz, S H},
doi = {Doi 10.1038/30918},
eprint = {0803.0939v1},
isbn = {0028-0836},
issn = {0028-0836},
journal = {Nature},
keywords = {chaos,disease,pulse-coupled oscillators,spread,synchronization},
number = {6684},
pages = {440--442},
pmid = {9623998},
title = {{Collective dynamics of'small-world' networks}},
volume = {393},
year = {1998}
}
@article{Cerf1974,
author = {Cerf, V. G. and Cowan, D. D. and Mullin, R. C. and Stanton, R. G.},
doi = {10.1002/net.3230040405},
issn = {00283045},
journal = {Networks},
number = {4},
pages = {335--342},
publisher = {Wiley Subscription Services, Inc., A Wiley Company},
title = {{A lower bound on the average shortest path length in regular graphs}},
url = {http://doi.wiley.com/10.1002/net.3230040405},
volume = {4},
year = {1974}
}
@misc{Fujita2015,
  title={短い平均頂点間距離をもつ正則グラフの設計法に関する研究},
  author={藤田 啓輔 and 高橋 規一},
  school={岡山大学},
  year={2015}
}
@misc{Yamamoto2016,
  title={列挙アルゴリズムと理論解析による平均頂点間距離最小正則グラフの発見},
  author={山本 康隆 and 高橋 規一},
  school={岡山大学},
  year={2016}
}
@misc{Akamatsu2017,
  title={正則グラフの平均頂点間距離の最小値に関する論理的考察},
  author={赤松 城太 and 高橋 規一},
  shcool={岡山大学},
  year={2017}
}
